<?xml version="1.0" encoding="UTF-8"?><collection xmlns="http://www.loc.gov/MARC21/slim"><record><leader>00346nam--2200121-i-4500</leader><controlfield tag="001">000004108</controlfield><controlfield tag="002">20161230</controlfield><controlfield tag="005">20161230201025</controlfield><controlfield tag="008">060222s1000------------r-----000-0-eng-d</controlfield><datafield ind1=" " ind2=" " tag="100"><subfield code="a">Byrd, Paul F.And Friedman, M</subfield></datafield><datafield ind1=" " ind2=" " tag="245"><subfield code="a">Handbook of eliptic integrals for engineers an d physicists</subfield></datafield><datafield ind1=" " ind2=" " tag="260"><subfield code="a">Berlin, Springer, 1954</subfield></datafield><datafield ind1=" " ind2=" " tag="490"><subfield code="a">Grundlehren Der Math</subfield></datafield></record></collection>